<record><leader>00000cas a2200000 a 4500</leader><controlfield tag="001">37257980</controlfield><controlfield tag="008">970708c19uu9999fluwr ne      0    0eng c</controlfield><datafield ind1=" " ind2=" " tag="010"><subfield code="a">sn 97027905 </subfield></datafield><datafield ind1=" " ind2=" " tag="040"><subfield code="a">FUG</subfield><subfield code="b">eng</subfield><subfield code="c">FUG</subfield><subfield code="d">OCLCQ</subfield><subfield code="d">OCLCF</subfield><subfield code="d">OCLCO</subfield></datafield><datafield ind1="1" ind2=" " tag="029"><subfield code="a">AU@</subfield><subfield code="b">000013352567</subfield></datafield><datafield ind1=" " ind2=" " tag="037"><subfield code="b">6214 US 19, New Port Richey, FL 34652</subfield></datafield><datafield ind1=" " ind2=" " tag="042"><subfield code="a">pcc</subfield></datafield><datafield ind1=" " ind2=" " tag="043"><subfield code="a">n-us-fl</subfield></datafield><datafield ind1="0" ind2=" " tag="130"><subfield code="a">Suncoast news (New Port Richey, Fla. : Hudson ed.)</subfield></datafield><datafield ind1="1" ind2="4" tag="245"><subfield code="a">The suncoast news.</subfield></datafield><datafield ind1=" " ind2=" " tag="250"><subfield code="a">Hudson [ed.].</subfield></datafield><datafield ind1=" " ind2=" " tag="260"><subfield code="a">New Port Richey, Fla. :</subfield><subfield code="b">Sunbelt Newspapers</subfield></datafield><datafield ind1=" " ind2=" " tag="300"><subfield code="a">v. :</subfield><subfield code="b">ill. (some col.) ;</subfield><subfield code="c">41 cm.</subfield></datafield><datafield ind1=" " ind2=" " tag="310"><subfield code="a">Weekly (published on Wednesday)</subfield></datafield><datafield ind1="0" ind2=" " tag="362"><subfield code="a">Description based on: vol. 40, no. 52 (Mar. 19, 1997).</subfield></datafield><datafield ind1=" " ind2=" " tag="500"><subfield code="a">"Serving Pasco and Pinellas counties."</subfield></datafield><datafield ind1=" " ind2="0" tag="651"><subfield code="a">New Port Richey (Fla.)</subfield><subfield code="v">Newspapers.</subfield></datafield><datafield ind1=" " ind2="0" tag="651"><subfield code="a">Hudson (Fla.)</subfield><subfield code="v">Newspapers.</subfield></datafield><datafield ind1=" " ind2="0" tag="651"><subfield code="a">Pasco County (Fla.)</subfield><subfield code="v">Newspapers.</subfield></datafield><datafield ind1=" " ind2="0" tag="651"><subfield code="a">Pinellas County (Fla.)</subfield><subfield code="v">Newspapers.</subfield></datafield><datafield ind1=" " ind2="7" tag="655"><subfield code="a">Newspapers.</subfield><subfield code="2">fast</subfield><subfield code="0">(OCoLC)fst01423814</subfield></datafield><datafield ind1=" " ind2="7" tag="651"><subfield code="a">Florida</subfield><subfield code="z">Hudson.</subfield><subfield code="2">fast</subfield><subfield code="0">(OCoLC)fst01235515</subfield></datafield><datafield ind1=" " ind2="7" tag="651"><subfield code="a">Florida</subfield><subfield code="z">New Port Richey.</subfield><subfield code="2">fast</subfield><subfield code="0">(OCoLC)fst01213156</subfield></datafield><datafield ind1=" " ind2="7" tag="651"><subfield code="a">Florida</subfield><subfield code="z">Pasco County.</subfield><subfield code="2">fast</subfield><subfield code="0">(OCoLC)fst01211151</subfield></datafield><datafield ind1=" " ind2="7" tag="651"><subfield code="a">Florida</subfield><subfield code="z">Pinellas County.</subfield><subfield code="2">fast</subfield><subfield code="0">(OCoLC)fst01209407</subfield></datafield><datafield ind1=" " ind2=" " tag="752"><subfield code="a">United States</subfield><subfield code="b">Florida</subfield><subfield code="c">Pasco</subfield><subfield code="d">New Port Richey.</subfield></datafield><datafield ind1=" " ind2=" " tag="752"><subfield code="a">United States</subfield><subfield code="b">Florida</subfield><subfield code="c">Pasco</subfield><subfield code="d">Hudson.</subfield></datafield><datafield ind1=" " ind2=" " tag="752"><subfield code="a">United States</subfield><subfield code="b">Florida</subfield><subfield code="c">Pinellas.</subfield></datafield><datafield ind1="0" ind2=" " tag="775"><subfield code="t">Suncoast news (New Port Richey, Fla.)</subfield><subfield code="w">(DLC)sn 97027903</subfield><subfield code="w">(OCoLC)37257978</subfield></datafield></record>